@article{otsu1979threshold,
  title={A threshold selection method from gray-level histograms},
  author={Otsu, Nobuyuki},
  journal={IEEE transactions on systems, man, and cybernetics},
  volume={9},
  number={1},
  pages={62--66},
  year={1979},
  publisher={IEEE}
}

@article{pedregosa2011scikit,
  title={Scikit-learn: Machine learning in Python},
  author={Pedregosa, Fabian and Varoquaux, Ga{\"e}l and Gramfort, Alexandre and Michel, Vincent and Thirion, Bertrand and Grisel, Olivier and Blondel, Mathieu and Prettenhofer, Peter and Weiss, Ron and Dubourg, Vincent and others},
  journal={the Journal of machine Learning research},
  volume={12},
  pages={2825--2830},
  year={2011},
  publisher={JMLR. org}
}

@book{liu2006region,
  title={Region-based image retrieval with high-level semantics},
  author={Liu, Ying and Zhang, Dengsheng and Lu, Guojun},
  year={2006},
  publisher={Citeseer}
}

@article{mizushima2013image,
  title={An image segmentation method for apple sorting and grading using support vector machine and Otsuâ€™s method},
  author={Mizushima, Akira and Lu, Renfu},
  journal={Computers and electronics in agriculture},
  volume={94},
  pages={29--37},
  year={2013},
  publisher={Elsevier}
}

@inproceedings{ray1999determination,
  title={Determination of number of clusters in k-means clustering and application in colour image segmentation},
  author={Ray, Siddheswar and Turi, Rose H},
  booktitle={Proceedings of the 4th international conference on advances in pattern recognition and digital techniques},
  pages={137--143},
  year={1999},
  organization={Calcutta, India}
}

@article{minaee2020image,
  title={Image segmentation using deep learning: A survey},
  author={Minaee, Shervin and Boykov, Yuri and Porikli, Fatih and Plaza, Antonio and Kehtarnavaz, Nasser and Terzopoulos, Demetri},
  journal={arXiv preprint arXiv:2001.05566},
  year={2020}
}

@inproceedings{long2015fully,
  title={Fully convolutional networks for semantic segmentation},
  author={Long, Jonathan and Shelhamer, Evan and Darrell, Trevor},
  booktitle={Proceedings of the IEEE conference on computer vision and pattern recognition},
  pages={3431--3440},
  year={2015}
}

@inproceedings{noh2015learning,
  title={Learning deconvolution network for semantic segmentation},
  author={Noh, Hyeonwoo and Hong, Seunghoon and Han, Bohyung},
  booktitle={Proceedings of the IEEE international conference on computer vision},
  pages={1520--1528},
  year={2015}
}

@article{badrinarayanan2017segnet,
  title={Segnet: A deep convolutional encoder-decoder architecture for image segmentation},
  author={Badrinarayanan, Vijay and Kendall, Alex and Cipolla, Roberto},
  journal={IEEE transactions on pattern analysis and machine intelligence},
  volume={39},
  number={12},
  pages={2481--2495},
  year={2017},
  publisher={IEEE}
}

@inproceedings{ronneberger2015u,
  title={U-net: Convolutional networks for biomedical image segmentation},
  author={Ronneberger, Olaf and Fischer, Philipp and Brox, Thomas},
  booktitle={International Conference on Medical image computing and computer-assisted intervention},
  pages={234--241},
  year={2015},
  organization={Springer}
}

@inproceedings{milletari2016v,
  title={V-net: Fully convolutional neural networks for volumetric medical image segmentation},
  author={Milletari, Fausto and Navab, Nassir and Ahmadi, Seyed-Ahmad},
  booktitle={2016 fourth international conference on 3D vision (3DV)},
  pages={565--571},
  year={2016},
  organization={IEEE}
}
